@Article{stegle2015computational,
    Author="Stegle, O.  and Teichmann, S. A.  and Marioni, J. C. ",
    Title="{{C}omputational and analytical challenges in single-cell transcriptomics}",
    Journal="Nat. Rev. Genet.",
    Year="2015",
    Volume="16",
    Number="3",
    Pages="133--145",
    Month="Mar"
}

@Article{islam2014quantitative,
    Author="Islam, S.  and Zeisel, A.  and Joost, S.  and La Manno, G.  and Zajac, P.  and Kasper, M.  and Lonnerberg, P.  and Linnarsson, S. ",
    Title="{{Q}uantitative single-cell {R}{N}{A}-seq with unique molecular identifiers}",
    Journal="Nat. Methods",
    Year="2014",
    Volume="11",
    Number="2",
    Pages="163--166",
    Month="Feb"
}

@Article{huber2015orchestrating,
    Author="Huber, W.  and Carey, V. J.  and Gentleman, R.  and Anders, S.  and Carlson, M.  and Carvalho, B. S.  and Bravo, H. C.  and Davis, S.  and Gatto, L.  and Girke, T.  and Gottardo, R.  and Hahne, F.  and Hansen, K. D.  and Irizarry, R. A.  and Lawrence, M.  and Love, M. I.  and MacDonald, J.  and Obenchain, V.  and Oles, A. K.  and Pag\`es, H.  and Reyes, A.  and Shannon, P.  and Smyth, G. K.  and Tenenbaum, D.  and Waldron, L.  and Morgan, M. ",
    Title="{{O}rchestrating high-throughput genomic analysis with {B}ioconductor}",
    Journal="Nat. Methods",
    Year="2015",
    Volume="12",
    Number="2",
    Pages="115--121",
    Month="Feb"
}

@Article{brennecke2013accounting,
    Author="Brennecke, P.  and Anders, S.  and Kim, J. K.  and Ko\l{}odziejczyk, A. A.  and Zhang, X.  and Proserpio, V.  and Baying, B.  and Benes, V.  and Teichmann, S. A.  and Marioni, J. C.  and Heisler, M. G. ",
    Title="{{A}ccounting for technical noise in single-cell {R}{N}{A}-seq experiments}",
    Journal="Nat. Methods",
    Year="2013",
    Volume="10",
    Number="11",
    Pages="1093--1095",
    Month="Nov"
}

@Article{marinov2014singlecell,
    Author="Marinov, G. K.  and Williams, B. A.  and McCue, K.  and Schroth, G. P.  and Gertz, J.  and Myers, R. M.  and Wold, B. J. ",
    Title="{{F}rom single-cell to cell-pool transcriptomes: stochasticity in gene expression and {R}{N}{A} splicing}",
    Journal="Genome Res.",
    Year="2014",
    Volume="24",
    Number="3",
    Pages="496--510",
    Month="Mar"
}

@Article{vallejos2015basics,
    Author="Vallejos, C. A.  and Marioni, J. C.  and Richardson, S. ",
    Title="{{B}{A}{S}i{C}{S}: Bayesian analysis of single-cell sequencing data}",
    Journal="PLoS Comput. Biol.",
    Year="2015",
    Volume="11",
    Number="6",
    Pages="e1004333",
    Month="Jun"
}

@Article{trapnell2014dynamics,
    Author="Trapnell, C.  and Cacchiarelli, D.  and Grimsby, J.  and Pokharel, P.  and Li, S.  and Morse, M.  and Lennon, N. J.  and Livak, K. J.  and Mikkelsen, T. S.  and Rinn, J. L. ",
    Title="{{T}he dynamics and regulators of cell fate decisions are revealed by pseudotemporal ordering of single cells}",
    Journal="Nat. Biotechnol.",
    Year="2014",
    Volume="32",
    Number="4",
    Pages="381--386",
    Month="Apr"
}

@Article{kolod2015singlecell,
    Author="Ko\l{}odziejczyk, A. A.  and Kim, J. K.  and Tsang, J. C.  and Ilicic, T.  and Henriksson, J.  and Natarajan, K. N.  and Tuck, A. C.  and Gao, X.  and Buhler, M.  and Liu, P.  and Marioni, J. C.  and Teichmann, S. A. ",
    Title="{{S}ingle cell {R}{N}{A}-sequencing of pluripotent states unlocks modular transcriptional variation}",
    Journal="Cell Stem Cell",
    Year="2015",
    Volume="17",
    Number="4",
    Pages="471--485",
    Month="Oct"
}

@Article{anders2010differential,
    Author="Anders, S.  and Huber, W. ",
    Title="{{D}ifferential expression analysis for sequence count data}",
    Journal="Genome Biol.",
    Year="2010",
    Volume="11",
    Number="10",
    Pages="R106"
}

@Article{robinson2010scaling,
    Author="Robinson, M. D.  and Oshlack, A. ",
    Title="{{A} scaling normalization method for differential expression analysis of {R}{N}{A}-seq data}",
    Journal="Genome Biol.",
    Year="2010",
    Volume="11",
    Number="3",
    Pages="R25"
}

@Article{islam2011characterization,
    Author="Islam, S.  and Kjallquist, U.  and Moliner, A.  and Zajac, P.  and Fan, J. B.  and Lonnerberg, P.  and Linnarsson, S. ",
    Title="{{C}haracterization of the single-cell transcriptional landscape by highly multiplex {R}{N}{A}-seq}",
    Journal="Genome Res.",
    Year="2011",
    Volume="21",
    Number="7",
    Pages="1160--1167",
    Month="Jul"
}

@Article{wilson2015combined,
    Author="Wilson, N. K.  and Kent, D. G.  and Buettner, F.  and Shehata, M.  and Macaulay, I. C.  and Calero-Nieto, F. J.  and Sanchez Castillo, M.  and Oedekoven, C. A.  and Diamanti, E.  and Schulte, R.  and Ponting, C. P.  and Voet, T.  and Caldas, C.  and Stingl, J.  and Green, A. R.  and Theis, F. J.  and Gottgens, B. ",
    Title="{{C}ombined single-cell functional and gene expression analysis resolves heterogeneity within stem cell populations}",
    Journal="Cell Stem Cell",
    Year="2015",
    Volume="16",
    Number="6",
    Pages="712--724",
    Month="Jun"
}

@Article{picelli2014fulllength,
    Author="Picelli, S.  and Faridani, O. R.  and Bjorklund, A. K.  and Winberg, G.  and Sagasser, S.  and Sandberg, R. ",
    Title="{{F}ull-length {R}{N}{A}-seq from single cells using {S}mart-seq2}",
    Journal="Nat Protoc",
    Year="2014",
    Volume="9",
    Number="1",
    Pages="171--181",
    Month="Jan"
}

@Article{pollen2014lowcoverage,
    Author="Pollen, A. A.  and Nowakowski, T. J.  and Shuga, J.  and Wang, X.  and Leyrat, A. A.  and Lui, J. H.  and Li, N.  and Szpankowski, L.  and Fowler, B.  and Chen, P.  and Ramalingam, N.  and Sun, G.  and Thu, M.  and Norris, M.  and Lebofsky, R.  and Toppani, D.  and Kemp, D. W.  and Wong, M.  and Clerkson, B.  and Jones, B. N.  and Wu, S.  and Knutsson, L.  and Alvarado, B.  and Wang, J.  and Weaver, L. S.  and May, A. P.  and Jones, R. C.  and Unger, M. A.  and Kriegstein, A. R.  and West, J. A. ",
    Title="{{L}ow-coverage single-cell m{R}{N}{A} sequencing reveals cellular heterogeneity and activated signaling pathways in developing cerebral cortex}",
    Journal="Nat. Biotechnol.",
    Year="2014",
    Volume="32",
    Number="10",
    Pages="1053--1058",
    Month="Oct"
}

@Article{love2015rnaseq,
    Author="Love, M. I.  and Anders, S.  and Kim, V.  and Huber, W. ",
    Title="{{R}{N}{A}-{S}eq workflow: gene-level exploratory analysis and differential expression}",
    Journal="F1000Res",
    Year="2015",
    Volume="4",
    Pages="1070"
}

@Article{liao2014featurecounts,
    Author="Liao, Y.  and Smyth, G. K.  and Shi, W. ",
    Title="{feature{C}ounts: an efficient general purpose program for assigning sequence reads to genomic features}",
    Journal="Bioinformatics",
    Year="2014",
    Volume="30",
    Number="7",
    Pages="923--930",
    Month="Apr"
}

@Article{liao2013subread,
    Author="Liao, Y.  and Smyth, G. K.  and Shi, W. ",
    Title="{{T}he {S}ubread aligner: fast, accurate and scalable read mapping by seed-and-vote}",
    Journal="Nucleic Acids Res.",
    Year="2013",
    Volume="41",
    Number="10",
    Pages="e108",
    Month="May"
}

@Article{law2014voom,
    Author="Law, C. W.  and Chen, Y.  and Shi, W.  and Smyth, G. K. ",
    Title="{voom: {P}recision weights unlock linear model analysis tools for {R}{N}{A}-seq read counts}",
    Journal="Genome Biol.",
    Year="2014",
    Volume="15",
    Number="2",
    Pages="R29"
}

@Article{love2014moderated,
    Author="Love, M. I.  and Huber, W.  and Anders, S. ",
    Title="{{M}oderated estimation of fold change and dispersion for {R}{N}{A}-seq data with {D}{E}{S}eq2}",
    Journal="Genome Biol.",
    Year="2014",
    Volume="15",
    Number="12",
    Pages="550"
}

@article{van2008visualizing,
    title={Visualizing data using t-{S}{N}{E}},
    author={Van der Maaten, L. and Hinton, G.},
    journal={J. Mach. Learn. Res.},
    volume={9},
    number={2579-2605},
    pages={85},
    year={2008}
}

@Article{scialdone2015computational,
    Author="Scialdone, A.  and Natarajan, K. N.  and Saraiva, L. R.  and Proserpio, V.  and Teichmann, S. A.  and Stegle, O.  and Marioni, J. C.  and Buettner, F. ",
    Title="{{C}omputational assignment of cell-cycle stage from single-cell transcriptome data}",
    Journal="Methods",
    Year="2015",
    Volume="85",
    Pages="54--61",
    Month="Sep"
}

@Article{kim2015characterizing,
    Author="Kim, J. K.  and Ko\l{}odziejczyk, A. A.  and Illicic, T.  and Teichmann, S. A.  and Marioni, J. C. ",
    Title="{{C}haracterizing noise structure in single-cell {R}{N}{A}-seq distinguishes genuine from technical stochastic allelic expression}",
    Journal="Nat. Commun.",
    Year="2015",
    Volume="6",
    Pages="8687"
}

@Article{mccarthy2012differential,
    Author="McCarthy, D. J.  and Chen, Y.  and Smyth, G. K. ",
    Title="{{D}ifferential expression analysis of multifactor {R}{N}{A}-{S}eq experiments with respect to biological variation}",
    Journal="Nucleic Acids Res.",
    Year="2012",
    Volume="40",
    Number="10",
    Pages="4288--4297",
    Month="May"
}

@Article{angel1991role,
    Author="Angel, P.  and Karin, M. ",
    Title="{{T}he role of {J}un, {F}os and the {A}{P}-1 complex in cell-proliferation and transformation}",
    Journal="Biochim. Biophys. Acta",
    Year="1991",
    Volume="1072",
    Number="2-3",
    Pages="129--157",
    Month="Dec"
}

@Article{langfelder2008defining,
    Author="Langfelder, P.  and Zhang, B.  and Horvath, S. ",
    Title="{{D}efining clusters from a hierarchical cluster tree: the {D}ynamic {T}ree {C}ut package for {R}}",
    Journal="Bioinformatics",
    Year="2008",
    Volume="24",
    Number="5",
    Pages="719--720",
    Month="Mar"
}

@Article{ilicic2016classification,
    Author="Ilicic, T.  and Kim, J. K.  and Ko\l{}odziejczyk, A. A.  and Bagger, F. O.  and McCarthy, D. J.  and Marioni, J. C.  and Teichmann, S. A. ",
    Title="{{C}lassification of low quality cells from single-cell {R}{N}{A}-seq data}",
    Journal="Genome Biol.",
    Year="2016",
    Volume="17",
    Number="1",
    Pages="29"
}

@Article{heng2008immunological,
    Author="Heng, T. S.  and Painter, M. W.  and Elpek, K.  and Lukacs-Kornek, V.  and Mauermann, N.  and Turley, S. J.  and Koller, D.  and Kim, F. S.  and Wagers, A. J.  and Asinovski, N.  and Davis, S.  and Fassett, M.  and Feuerer, M.  and Gray, D. H.  and Haxhinasto, S.  and Hill, J. A.  and Hyatt, G.  and Laplace, C.  and Leatherbee, K.  and Mathis, D.  and Benoist, C.  and Jianu, R.  and Laidlaw, D. H.  and Best, J. A.  and Knell, J.  and Goldrath, A. W.  and Jarjoura, J.  and Sun, J. C.  and Zhu, Y.  and Lanier, L. L.  and Ergun, A.  and Li, Z.  and Collins, J. J.  and Shinton, S. A.  and Hardy, R. R.  and Friedline, R.  and Sylvia, K.  and Kang, J. ",
    Title="{{T}he {I}mmunological {G}enome {P}roject: networks of gene expression in immune cells}",
    Journal="Nat. Immunol.",
    Year="2008",
    Volume="9",
    Number="10",
    Pages="1091--1094",
    Month="Oct"
}

@Article{zeisel2015brain,
    Author="Zeisel, A.  and Munoz-Manchado, A. B.  and Codeluppi, S.  and Lonnerberg, P.  and La Manno, G.  and Jureus, A.  and Marques, S.  and Munguba, H.  and He, L.  and Betsholtz, C.  and Rolny, C.  and Castelo-Branco, G.  and Hjerling-Leffler, J.  and Linnarsson, S. ",
    Title="{{B}rain structure. {C}ell types in the mouse cortex and hippocampus revealed by single-cell {R}{N}{A}-seq}",
    Journal="Science",
    Year="2015",
    Volume="347",
    Number="6226",
    Pages="1138--1142",
    Month="Mar"
}

@Article{robinson2010edgeR,
    Author="Robinson, M. D.  and McCarthy, D. J.  and Smyth, G. K. ",
    Title="{edge{R}: a {B}ioconductor package for differential expression analysis of digital gene expression data}",
    Journal="Bioinformatics",
    Year="2010",
    Volume="26",
    Number="1",
    Pages="139--140",
    Month="Jan"
}

@Article{ritchie2015limma,
    Author="Ritchie, M. E.  and Phipson, B.  and Wu, D.  and Hu, Y.  and Law, C. W.  and Shi, W.  and Smyth, G. K. ",
    Title="{limma powers differential expression analyses for {R}{N}{A}-sequencing and microarray studies}",
    Journal="Nucleic Acids Res.",
    Year="2015",
    Volume="43",
    Number="7",
    Pages="e47",
    Month="Apr"
}

@Article{julia2015sincell,
    Author="Julia, M.  and Telenti, A.  and Rausell, A. ",
    Title="{{S}incell: an {R}/{B}ioconductor package for statistical assessment of cell-state hierarchies from single-cell {R}{N}{A}-seq}",
    Journal="Bioinformatics",
    Year="2015",
    Volume="31",
    Number="20",
    Pages="3380--3382",
    Month="Oct"
}

@Article{buettner2015computational,
    Author="Buettner, F.  and Natarajan, K. N.  and Casale, F. P.  and Proserpio, V.  and Scialdone, A.  and Theis, F. J.  and Teichmann, S. A.  and Marioni, J. C.  and Stegle, O. ",
    Title="{{C}omputational analysis of cell-to-cell heterogeneity in single-cell {R}{N}{A}-sequencing data reveals hidden subpopulations of cells}",
    Journal="Nat. Biotechnol.",
    Year="2015",
    Volume="33",
    Number="2",
    Pages="155--160",
    Month="Feb"
}

@Article{mahata2014singlecell,
    Author="Mahata, B.  and Zhang, X.  and Ko\l{}odziejczyk, A. A.  and Proserpio, V.  and Haim-Vilmovsky, L.  and Taylor, A. E.  and Hebenstreit, D.  and Dingler, F. A.  and Moignard, V.  and Gottgens, B.  and Arlt, W.  and McKenzie, A. N.  and Teichmann, S. A. ",
    Title="{{S}ingle-cell {R}{N}{A} sequencing reveals {T} helper cells synthesizing steroids de novo to contribute to immune homeostasis}",
    Journal="Cell Rep.",
    Year="2014",
    Volume="7",
    Number="4",
    Pages="1130--1142",
    Month="May"
}

@Article{phipson2010permutation,
    Author="Phipson, B.  and Smyth, G. K. ",
    Title="{{P}ermutation {P}-values should never be zero: calculating exact {P}-values when permutations are randomly drawn}",
    Journal="Stat. Appl. Genet. Mol. Biol.",
    Year="2010",
    Volume="9",
    Pages="Article 39"
}

@incollection{chen2014differential,
    title="{Differential expression analysis of complex RNA-seq experiments using edgeR}",
    author={Chen, Y. and Lun, A. T. L. and Smyth, G. K.},
    booktitle={Statistical analysis of next generation sequencing data},
    editor={Datta, S. and Nettleton, D.},
    pages={51--74},
    year={2014},
    publisher={Springer}
}

@article{hicks2015widespread,
    author = {Hicks, S. C. and Teng, M. and Irizarry, R. A.},
    title = "{On the widespread and critical impact of systematic bias and batch effects in single-cell RNA-Seq data}",
    year = {2015},
    doi = {10.1101/025528},
    publisher = {Cold Spring Harbor Labs Journals},
    URL = {http://biorxiv.org/content/early/2015/08/25/025528},
    eprint = {http://biorxiv.org/content/early/2015/08/25/025528.full.pdf},
    journal = {bioRxiv}
}

@Article{leng2015oscope,
    Author="Leng, N.  and Chu, L. F.  and Barry, C.  and Li, Y.  and Choi, J.  and Li, X.  and Jiang, P.  and Stewart, R. M.  and Thomson, J. A.  and Kendziorski, C. ",
    Title="{{O}scope identifies oscillatory genes in unsynchronized single-cell {R}{N}{A}-seq experiments}",
    Journal="Nat. Methods",
    Year="2015",
    Volume="12",
    Number="10",
    Pages="947--950",
    Month="Oct"
}

@Article{fan2016characterizing,
    Author="Fan, J.  and Salathia, N.  and Liu, R.  and Kaeser, G. E.  and Yung, Y. C.  and Herman, J. L.  and Kaper, F.  and Fan, J. B.  and Zhang, K.  and Chun, J.  and Kharchenko, P. V. ",
    Title="{{C}haracterizing transcriptional heterogeneity through pathway and gene set overdispersion analysis}",
    Journal="Nat. Methods",
    Year="2016",
    Volume="13",
    Number="3",
    Pages="241--244",
    Month="Mar"
}

@Article{lund2012detecting,
    Author="Lund, S. P.  and Nettleton, D.  and McCarthy, D. J.  and Smyth, G. K. ",
    Title="{{D}etecting differential expression in {R}{N}{A}-sequence data using quasi-likelihood with shrunken dispersion estimates}",
    Journal="Stat Appl Genet Mol Biol",
    Year="2012",
    Volume="11",
    Number="5",
    Pages=" "
}

@Article{angerer2016destiny,
    Author="Angerer, P.  and Haghverdi, L.  and Buttner, M.  and Theis, F. J.  and Marr, C.  and Buettner, F. ",
    Title="{destiny: diffusion maps for large-scale single-cell data in {R}}",
    Journal="Bioinformatics",
    Year="2016",
    Volume="32",
    Number="8",
    Pages="1241--1243",
}

@Article{lun2016pooling,
    Author="Lun, A. T.  and Bach, K.  and Marioni, J. C. ",
    Title="{{P}ooling across cells to normalize single-cell {R}{N}{A} sequencing data with many zero counts}",
    Journal="Genome Biol.",
    Year="2016",
    Volume="17",
    Pages="75",
    Month="Apr"
}

@Article{zhu2006gata3,
    Author="Zhu, J. and Yamane, H. and Cote-Sierra, J. and Guo, L. and Paul, W. E.",
    Title="{{G}{A}{T}{A}-3 promotes {T}h2 responses through three different mechanisms: induction of {T}h2 cytokine production, selective growth of {T}h2 cells and inhibition of {T}h1 cell-specific factors}",
    Journal="Cell Res.",
    Year="2006",
    Volume="16",
    Number="1",
    Pages="3--10",
    Month="Jan"
}

@article{berger1996bioequivalence,
    author = "Berger, R. L. and Hsu, J. C.",
    doi = "10.1214/ss/1032280304",
    fjournal = "Statistical Science",
    journal = "Statist. Sci.",
    month = "11",
    number = "4",
    pages = "283--319",
    publisher = "The Institute of Mathematical Statistics",
    title = "Bioequivalence trials, intersection-union tests and equivalence confidence sets",
    url = "http://dx.doi.org/10.1214/ss/1032280304",
    volume = "11",
    year = "1996"
}

@Article{santos2015cyclebase,
    Author="Santos, A.  and Wernersson, R.  and Jensen, L. J. ",
    Title="{{C}yclebase 3.0: a multi-organism database on cell-cycle regulation and phenotypes}",
    Journal="Nucleic Acids Res.",
    Year="2015",
    Volume="43",
    Number="Database issue",
    Pages="D1140--1144",
    Month="Jan"
}

@article {tung2017batch,
    Author="Tung, P. Y.  and Blischak, J. D.  and Hsiao, C. J.  and Knowles, D. A.  and Burnett, J. E.  and Pritchard, J. K.  and Gilad, Y. ",
    Title="{{B}atch effects and the effective design of single-cell gene expression studies}",
    Journal="Sci. Rep.",
    Year="2017",
    Volume="7",
    Pages="39921",
    Month="Jan"
}

@Article{bray2016near,
    Author="Bray, N. L.  and Pimentel, H.  and Melsted, P.  and Pachter, L. ",
    Title="{{N}ear-optimal probabilistic {R}{N}{A}-seq quantification}",
    Journal="Nat. Biotechnol.",
    Year="2016",
    Volume="34",
    Number="5",
    Pages="525--527",
    Month="May"
}

@article{patro2015accurate,
    author = {Patro, Rob and Duggal, Geet and Kingsford, Carl},
    title = {Accurate, fast, and model-aware transcript expression quantification with Salmon},
    year = {2015},
    doi = {10.1101/021592},
    publisher = {Cold Spring Harbor Labs Journals},
    journal = {bioRxiv}
}

@Article{ji2016tscan,
    Author="Ji, Z.  and Ji, H. ",
    Title="{{T}{S}{C}{A}{N}: {P}seudo-time reconstruction and evaluation in single-cell {R}{N}{A}-seq analysis}",
    Journal="Nucleic Acids Res.",
    Year="2016",
    Volume="44",
    Number="13",
    Pages="e117",
    Month="Jul"
}

@Article{klein2015droplet,
    Author="Klein, A. M.  and Mazutis, L.  and Akartuna, I.  and Tallapragada, N.  and Veres, A.  and Li, V.  and Peshkin, L.  and Weitz, D. A.  and Kirschner, M. W. ",
    Title="{{D}roplet barcoding for single-cell transcriptomics applied to embryonic stem cells}",
    Journal="Cell",
    Year="2015",
    Volume="161",
    Number="5",
    Pages="1187--1201",
    Month="May"
}

@Article{macosko2015highly,
    Author="Macosko, E. Z.  and Basu, A.  and Satija, R.  and Nemesh, J.  and Shekhar, K.  and Goldman, M.  and Tirosh, I.  and Bialas, A. R.  and Kamitaki, N.  and Martersteck, E. M.  and Trombetta, J. J.  and Weitz, D. A.  and Sanes, J. R.  and Shalek, A. K.  and Regev, A.  and McCarroll, S. A. ",
    Title="{{H}ighly parallel genome-wide expression profiling of individual cells using nanoliter droplets}",
    Journal="Cell",
    Year="2015",
    Volume="161",
    Number="5",
    Pages="1202--1214",
    Month="May"
}

@Article{bourgon2010independent,
    Author="Bourgon, R.  and Gentleman, R.  and Huber, W. ",
    Title="{{I}ndependent filtering increases detection power for high-throughput experiments}",
    Journal="Proc. Natl. Acad. Sci. U.S.A.",
    Year="2010",
    Volume="107",
    Number="21",
    Pages="9546--9551",
    Month="May"
}

@Article{finak2015mast,
    Author="Finak, G.  and McDavid, A.  and Yajima, M.  and Deng, J.  and Gersuk, V.  and Shalek, A. K.  and Slichter, C. K.  and Miller, H. W.  and McElrath, M. J.  and Prlic, M.  and Linsley, P. S.  and Gottardo, R. ",
    Title="{{M}{A}{S}{T}: a flexible statistical framework for assessing transcriptional changes and characterizing heterogeneity in single-cell {R}{N}{A} sequencing data}",
    Journal="Genome Biol.",
    Year="2015",
    Volume="16",
    Pages="278"
}

@Article{conboy2007cell,
    Author="Conboy, C. M.  and Spyrou, C.  and Thorne, N. P.  and Wade, E. J.  and Barbosa-Morais, N. L.  and Wilson, M. D.  and Bhattacharjee, A.  and Young, R. A.  and Tavare, S.  and Lees, J. A.  and Odom, D. T. ",
    Title="{{C}ell cycle genes are the evolutionarily conserved targets of the {E}2{F}4 transcription factor}",
    Journal="PLoS ONE",
    Year="2007",
    Volume="2",
    Number="10",
    Pages="e1061"
}

@Article{bertoli2013control,
    Author="Bertoli, C.  and Skotheim, J. M.  and de Bruin, R. A. ",
    Title="{{C}ontrol of cell cycle transcription during {G}1 and {S} phases}",
    Journal="Nat. Rev. Mol. Cell Biol.",
    Year="2013",
    Volume="14",
    Number="8",
    Pages="518--528",
    Month="Aug"
}

@Article{chen2016from,
    Author="Chen, Y.  and Lun, A. T.  and Smyth, G. K. ",
    Title="{{F}rom reads to genes to pathways: differential expression analysis of {R}{N}{A}-{S}eq experiments using {R}subread and the edge{R} quasi-likelihood pipeline}",
    Journal="F1000Res",
    Year="2016",
    Volume="5",
    Pages="1438"
}

@Article{coller2006new,
    Author="Coller, H. A.  and Sang, L.  and Roberts, J. M. ",
    Title="{{A} new description of cellular quiescence}",
    Journal="PLoS Biol.",
    Year="2006",
    Volume="4",
    Number="3",
    Pages="e83",
    Month="Mar"
}

@Article{mccarthy2017scater,
    Author="McCarthy, D. J.  and Campbell, K. R.  and Lun, A. T.  and Wills, Q. F. ",
    Title="{{S}cater: pre-processing, quality control, normalization and visualization of single-cell {R}{N}{A}-seq data in {R}}",
    Journal="Bioinformatics",
    Year="2017",
    Volume="33",
    Number="8",
    Pages="1179--1186",
    Month="Apr"
}

@article{simes1986improved,
    author = {Simes, R. J.},
    title = {An improved {B}onferroni procedure for multiple tests of significance},
    volume = {73},
    number = {3},
    pages = {751--754},
    year = {1986},
    journal = {Biometrika}
}

@Article{xu2015identification,
    Author="Xu, C.  and Su, Z. ",
    Title="{{I}dentification of cell types from single-cell transcriptomes using a novel clustering method}",
    Journal="Bioinformatics",
    Year="2015",
    Volume="31",
    Number="12",
    Pages="1974--1980",
    Month="Jun"
}

@ARTICLE{lun2016step,
  title    = "A step-by-step workflow for low-level analysis of single-cell
              {RNA-seq} data",
  author   = "Lun, A. T. L. and McCarthy, D. J. and Marioni, J. C.",
  journal  = "F1000Res.",
  volume   =  5,
  month    =  aug,
  year     =  2016
}

@Article{lun2017assessing,
    Author="Lun, A. T. L.  and Calero-Nieto, F. J.  and Haim-Vilmovsky, L.  and Gottgens, B.  and Marioni, J. C. ",
    Title="{{A}ssessing the reliability of spike-in normalization for analyses of single-cell {R}{N}{A} sequencing data}",
    Journal="Genome Res.",
    Year="2017",
    Volume="27",
    Number="11",
    Pages="1795--1806",
    Month="Nov"
}

@Article{lun2017overcoming,
   Author="Lun, A. T. L.  and Marioni, J. C. ",
   Title="{{O}vercoming confounding plate effects in differential expression analyses of single-cell {R}{N}{A}-seq data}",
   Journal="Biostatistics",
   Year="2017",
   Volume="18",
   Number="3",
   Pages="451--464",
   Month="Jul"
}

@Article{yang2016comparative,
    Author="Yang, Z.  and Algesheimer, R.  and Tessone, C. J. ",
    Title="{A comparative analysis of community detection algorithms on artificial networks}",
    Journal="Sci. Rep.",
    Year="2016",
    Volume="6",
    Pages="30750",
    Month="Aug"
}

@Article{smith2017umitools,
    Author="Smith, T.  and Heger, A.  and Sudbery, I. ",
    Title="{{U}{M}{I}-tools: modeling sequencing errors in {U}nique {M}olecular {I}dentifiers to improve quantification accuracy}",
    Journal="Genome Res.",
    Year="2017",
    Volume="27",
    Number="3",
    Pages="491--499",
    Month="Mar"
}

@Article{tasic2016adult,
    Author="Tasic, B.  and Menon, V.  and Nguyen, T. N.  and Kim, T. K.  and Jarsky, T.  and Yao, Z.  and Levi, B.  and Gray, L. T.  and Sorensen, S. A.  and Dolbeare, T.  and Bertagnolli, D.  and Goldy, J.  and Shapovalova, N.  and Parry, S.  and Lee, C.  and Smith, K.  and Bernard, A.  and Madisen, L.  and Sunkin, S. M.  and Hawrylycz, M.  and Koch, C.  and Zeng, H. ",
    Title="{{A}dult mouse cortical cell taxonomy revealed by single cell transcriptomics}",
    Journal="Nat. Neurosci.",
    Year="2016",
    Volume="19",
    Number="2",
    Pages="335--346",
    Month="Feb"
}

@Article{wajapeyee2010senescence,
    Author="Wajapeyee, N.  and Wang, S. Z.  and Serra, R. W.  and Solomon, P. D.  and Nagarajan, A.  and Zhu, X.  and Green, M. R. ",
    Title="{{S}enescence induction in human fibroblasts and hematopoietic progenitors by leukemogenic fusion proteins}",
    Journal="Blood",
    Year="2010",
    Volume="115",
    Number="24",
    Pages="5057--5060",
    Month="Jun"
}

@Article{zeng2012largescale,
    Author="Zeng, H.  and Shen, E. H.  and Hohmann, J. G.  and Oh, S. W.  and Bernard, A.  and Royall, J. J.  and Glattfelder, K. J.  and Sunkin, S. M.  and Morris, J. A.  and Guillozet-Bongaarts, A. L.  and Smith, K. A.  and Ebbert, A. J.  and Swanson, B.  and Kuan, L.  and Page, D. T.  and Overly, C. C.  and Lein, E. S.  and Hawrylycz, M. J.  and Hof, P. R.  and Hyde, T. M.  and Kleinman, J. E.  and Jones, A. R. ",
    Title="{{L}arge-scale cellular-resolution gene profiling in human neocortex reveals species-specific molecular signatures}",
    Journal="Cell",
    Year="2012",
    Volume="149",
    Number="2",
    Pages="483--496",
    Month="Apr"
}

@Article{grun2016denovo,
    Author="Grun, D.  and Muraro, M. J.  and Boisset, J. C.  and Wiebrands, K.  and Lyubimova, A.  and Dharmadhikari, G.  and van den Born, M.  and van Es, J.  and Jansen, E.  and Clevers, H.  and de Koning, E. J. P.  and van Oudenaarden, A. ",
    Title="{{D}e {N}ovo {P}rediction of {S}tem {C}ell {I}dentity using {S}ingle-{C}ell {T}ranscriptome {D}ata}",
    Journal="Cell Stem Cell",
    Year="2016",
    Volume="19",
    Number="2",
    Pages="266--277",
    Month="08"
}

@article{haghverdi2018batch,
    Author="Haghverdi, L.  and Lun, A. T. L.  and Morgan, M. D.  and Marioni, J. C. ",
    Title="{{B}atch effects in single-cell {R}{N}{A}-sequencing data are corrected by matching mutual nearest neighbors}",
    Journal="Nat. Biotechnol.",
    Year="2018",
    Volume="36",
    Number="5",
    Pages="421--427"
}

@Article{muraro2016singlecell,
    Author="Muraro, M. J.  and Dharmadhikari, G.  and Grun, D.  and Groen, N.  and Dielen, T.  and Jansen, E.  and van Gurp, L.  and Engelse, M. A.  and Carlotti, F.  and de Koning, E. J.  and van Oudenaarden, A. ",
    Title="{{A} {S}ingle-{C}ell {T}ranscriptome {A}tlas of the {H}uman {P}ancreas}",
    Journal="Cell Syst",
    Year="2016",
    Volume="3",
    Number="4",
    Pages="385--394",
    Month="Oct"
}

@Article{segerstolpe2016singlecell,
    Author="Segerstolpe, A.  and Palasantza, A.  and Eliasson, P.  and Andersson, E. M.  and Andreasson, A. C.  and Sun, X.  and Picelli, S.  and Sabirsh, A.  and Clausen, M.  and Bjursell, M. K.  and Smith, D. M.  and Kasper, M.  and Ammala, C.  and Sandberg, R. ",
    Title="{{S}ingle-{C}ell {T}ranscriptome {P}rofiling of {H}uman {P}ancreatic {I}slets in {H}ealth and {T}ype 2 {D}iabetes}",
    Journal="Cell Metab.",
    Year="2016",
    Volume="24",
    Number="4",
    Pages="593--607",
    Month="Oct"
}

@Article{horn1965rationale,
    author="Horn, J. L.",
    title="A rationale and test for the number of factors in factor analysis",
    journal="Psychometrika",
    year="1965",
    month="Jun",
    day="01",
    volume="30",
    number="2",
    pages="179--185",
    issn="1860-0980",
    doi="10.1007/BF02289447",
    url="https://doi.org/10.1007/BF02289447"
}

@Article{buja1992remarks,
    Author="Buja, A.  and Eyuboglu, N. ",
    Title="{{R}emarks on {P}arallel {A}nalysis}",
    Journal="Multivariate Behav Res",
    Year="1992",
    Volume="27",
    Number="4",
    Pages="509--540",
    Month="Oct"
}

@Article{zheng2017massively,
    Author="Zheng, G. X.  and Terry, J. M.  and Belgrader, P.  and Ryvkin, P.  and Bent, Z. W.  and Wilson, R.  and Ziraldo, S. B.  and Wheeler, T. D.  and McDermott, G. P.  and Zhu, J.  and Gregory, M. T.  and Shuga, J.  and Montesclaros, L.  and Underwood, J. G.  and Masquelier, D. A.  and Nishimura, S. Y.  and Schnall-Levin, M.  and Wyatt, P. W.  and Hindson, C. M.  and Bharadwaj, R.  and Wong, A.  and Ness, K. D.  and Beppu, L. W.  and Deeg, H. J.  and McFarland, C.  and Loeb, K. R.  and Valente, W. J.  and Ericson, N. G.  and Stevens, E. A.  and Radich, J. P.  and Mikkelsen, T. S.  and Hindson, B. J.  and Bielas, J. H. ",
    Title="{{M}assively parallel digital transcriptional profiling of single cells}",
    Journal="Nat Commun",
    Year="2017",
    Volume="8",
    Pages="14049",
    Month="Jan"
}

@article{lun2018distinguishing,
    author = {Lun, A. and Riesenfeld, S. and Andrews, T. and Dao, T. P. and Gomes, T. and {{participants in the 1\textsuperscript{st} Human Cell Atlas Jamboree}} and Marioni, J.},
    Title="{{E}mpty{D}rops: distinguishing cells from empty droplets in droplet-based single-cell {R}{N}{A} sequencing data}",
    Journal="Genome Biol.",
    Year="2019",
    Volume="20",
    Number="1",
    Pages="63",
    Month="03"
}

@article {wolf2017graph,
    author = {Wolf, F. Alexander and Hamey, Fiona and Plass, Mireya and Solana, Jordi and Dahlin, Joakim S. and Gottgens, Berthold and Rajewsky, Nikolaus and Simon, Lukas and Theis, Fabian J.},
    title = {Graph abstraction reconciles clustering with trajectory inference through a topology preserving map of single cells},
    year = {2017},
    doi = {10.1101/208819},
    publisher = {Cold Spring Harbor Laboratory},
    URL = {https://www.biorxiv.org/content/early/2017/10/25/208819},
    eprint = {https://www.biorxiv.org/content/early/2017/10/25/208819.full.pdf},
    journal = {bioRxiv}
}

@Article{lawlor2017singlecell,
    Author="Lawlor, N.  and George, J.  and Bolisetty, M.  and Kursawe, R.  and Sun, L.  and Sivakamasundari, V.  and Kycia, I.  and Robson, P.  and Stitzel, M. L. ",
    Title="{{S}ingle-cell transcriptomes identify human islet cell signatures and reveal cell-type-specific expression changes in type 2 diabetes}",
    Journal="Genome Res.",
    Year="2017",
    Volume="27",
    Number="2",
    Pages="208--222",
    Month="02"
}

@Article{guimaraes2016patterns,
   Author="Guimaraes, J. C.  and Zavolan, M. ",
   Title="{{P}atterns of ribosomal protein expression specify normal and malignant human cells}",
   Journal="Genome Biol.",
   Year="2016",
   Volume="17",
   Number="1",
   Pages="236",
   Month="11"
}

@Article{glare2002betaactin,
   Author="Glare, E. M.  and Divjak, M.  and Bailey, M. J.  and Walters, E. H. ",
   Title="{beta-{A}ctin and {G}{A}{P}{D}{H} housekeeping gene expression in asthmatic airways is variable and not suitable for normalising m{R}{N}{A} levels}",
   Journal="Thorax",
   Year="2002",
   Volume="57",
   Number="9",
   Pages="765--770",
   Month="Sep"
}

@Article{nazari2015gapdh,
   Author="Nazari, F.  and Parham, A.  and Maleki, A. F. ",
   Title="{{G}{A}{P}{D}{H}, \beta-actin and \beta-microglobulin, as three common reference genes, are not reliable for gene expression studies in equine adipose- and marrow-derived mesenchymal stem cells}",
   Journal="J Anim Sci Technol",
   Year="2015",
   Volume="57",
   Pages="18"
}

@Article{soneson2018bias,
    Author="Soneson, C.  and Robinson, M. D. ",
    Title="{{B}ias, robustness and scalability in single-cell differential expression analysis}",
    Journal="Nat. Methods",
    Year="2018",
    Volume="15",
    Number="4",
    Pages="255--261",
    Month="Apr"
}

@Article{soneson2015differential,
    Author="Soneson, C.  and Love, M. I.  and Robinson, M. D. ",
    Title="{{D}ifferential analyses for {R}{N}{A}-seq: transcript-level estimates improve gene-level inferences}",
    Journal="F1000Res",
    Year="2015",
    Volume="4",
    Pages="1521"
}

@article{stoeckius2017hashing,
    author = {Stoeckius, M. and Zheng, S. and Houck-Loomis, B. and Hao, S. and Yeung, B. and Smibert, P. and Satija, R.},
    title = {Cell "hashing" with barcoded antibodies enables multiplexing and doublet detection for single cell genomics},
    year = {2017},
    doi = {10.1101/237693},
    publisher = {Cold Spring Harbor Laboratory},
    URL = {https://www.biorxiv.org/content/early/2017/12/21/237693},
    eprint = {https://www.biorxiv.org/content/early/2017/12/21/237693.full.pdf},
    journal = {bioRxiv}
}

@Article{kang2018multiplexed,
    Author="Kang, H. M.  and Subramaniam, M.  and Targ, S.  and Nguyen, M.  and Maliskova, L.  and McCarthy, E.  and Wan, E.  and Wong, S.  and Byrnes, L.  and Lanata, C. M.  and Gate, R. E.  and Mostafavi, S.  and Marson, A.  and Zaitlen, N.  and Criswell, L. A.  and Ye, C. J. ",
    Title="{{M}ultiplexed droplet single-cell {R}{N}{A}-sequencing using natural genetic variation}",
    Journal="Nat. Biotechnol.",
    Year="2018",
    Volume="36",
    Number="1",
    Pages="89--94",
    Month="Jan"
}

@Article{dahlin2018single,
    Author="Dahlin, J. S.  and Hamey, F. K.  and Pijuan-Sala, B.  and Shepherd, M.  and Lau, W. W. Y.  and Nestorowa, S.  and Weinreb, C.  and Wolock, S.  and Hannah, R.  and Diamanti, E.  and Kent, D. G.  and Gottgens, B.  and Wilson, N. K. ",
    Title="{{A} single-cell hematopoietic landscape resolves 8 lineage trajectories and defects in {K}it mutant mice}",
    Journal="Blood",
    Year="2018",
    Volume="131",
    Number="21",
    Pages="e1-e11",
    Month="May"
}

@Article{bach2017differentiation,
    Author="Bach, K.  and Pensa, S.  and Grzelak, M.  and Hadfield, J.  and Adams, D. J.  and Marioni, J. C.  and Khaled, W. T. ",
    Title="{{D}ifferentiation dynamics of mammary epithelial cells revealed by single-cell {R}{N}{A} sequencing}",
    Journal="Nat Commun",
    Year="2017",
    Volume="8",
    Number="1",
    Pages="2128",
    Month="Dec"
}

@Article{lun2018beachmat,
    Author="Lun, A. T. L.  and Pages, H.  and Smith, M. L. ",
    Title="{beachmat: {A} {B}ioconductor {C}++ {A}{P}{I} for accessing high-throughput biological data from a variety of {R} matrix types}",
    Journal="PLoS Comput. Biol.",
    Year="2018",
    Volume="14",
    Number="5",
    Pages="e1006135",
    Month="05"
}

@Article{wang2012fast,
    author = {Wang, X.},
    title = {A fast exact k-nearest neighbors algorithm for high dimensional search using k-means clustering and triangle inequality},
    journal = {Proc Int Jt Conf Neural Netw},
    year = {2012},
    volume = {43},
    number = {6},
    pages = {2351--2358},
    month = {Feb},
}

@Article{mccarthy2009treat,
    Author="McCarthy, D. J.  and Smyth, G. K. ",
    Title="{{T}esting significance relative to a fold-change threshold is a {T}{R}{E}{A}{T}}",
    Journal="Bioinformatics",
    Year="2009",
    Volume="25",
    Number="6",
    Pages="765--771",
    Month="Mar"
}

@Article{lian2018scpipe,
    Author="Tian, L.  and Su, S.  and Dong, X.  and Amann-Zalcenstein, D.  and Biben, C.  and Seidi, A.  and Hilton, D. J.  and Naik, S. H.  and Ritchie, M. E. ",
    Title="{sc{P}ipe: {A} flexible {R}/{B}ioconductor preprocessing pipeline for single-cell {R}{N}{A}-sequencing data}",
    Journal="PLoS Comput. Biol.",
    Year="2018",
    Volume="14",
    Number="8",
    Pages="e1006361",
    Month="08"
}

@Article{jaitin2014massively,
    Author="Jaitin, D. A.  and Kenigsberg, E.  and Keren-Shaul, H.  and Elefant, N.  and Paul, F.  and Zaretsky, I.  and Mildner, A.  and Cohen, N.  and Jung, S.  and Tanay, A.  and Amit, I. ",
    Title="{{M}assively parallel single-cell {R}{N}{A}-seq for marker-free decomposition of tissues into cell types}",
    Journal="Science",
    Year="2014",
    Volume="343",
    Number="6172",
    Pages="776--779",
    Month="Feb"
}

@Article{kang2018multiplexed,
    Author="Kang, H. M.  and Subramaniam, M.  and Targ, S.  and Nguyen, M.  and Maliskova, L.  and McCarthy, E.  and Wan, E.  and Wong, S.  and Byrnes, L.  and Lanata, C. M.  and Gate, R. E.  and Mostafavi, S.  and Marson, A.  and Zaitlen, N.  and Criswell, L. A.  and Ye, C. J. ",
    Title="{{M}ultiplexed droplet single-cell {R}{N}{A}-sequencing using natural genetic variation}",
    Journal="Nat. Biotechnol.",
    Year="2018",
    Volume="36",
    Number="1",
    Pages="89--94",
    Month="01"
}

@Article{stoekius2018hashing,
    Author="Stoeckius, M.  and Zheng, S.  and Houck-Loomis, B.  and Hao, S.  and Yeung, B. Z.  and Mauck, W. M.  and Smibert, P.  and Satija, R. ",
    Title="{{C}ell {H}ashing with barcoded antibodies enables multiplexing and doublet detection for single cell genomics}",
    Journal="Genome Biol.",
    Year="2018",
    Volume="19",
    Number="1",
    Pages="224",
    Month="12"
}

@Article{davis2007geoquery,
   Author="Davis, S.  and Meltzer, P. S. ",
   Title="{{G}{E}{O}query: a bridge between the {G}ene {E}xpression {O}mnibus ({G}{E}{O}) and {B}io{C}onductor}",
   Journal="Bioinformatics",
   Year="2007",
   Volume="23",
   Number="14",
   Pages="1846--1847",
   Month="Jul"
}

@Article{richard2018tcell,
   Author="Richard, A. C.  and Lun, A. T. L.  and Lau, W. W. Y.  and Gottgens, B.  and Marioni, J. C.  and Griffiths, G. M. ",
   Title="{{T} cell cytolytic capacity is independent of initial stimulation strength}",
   Journal="Nat. Immunol.",
   Year="2018",
   Volume="19",
   Number="8",
   Pages="849--858",
   Month="08"
}

@article{lun2018overcoming,
  author = {Lun, A.},
  title = {Overcoming systematic errors caused by log-transformation of normalized single-cell RNA sequencing data},
  year = {2018},
  journal = {bioRxiv}
}

@Article{ji2016tscan,
   Author="Ji, Z.  and Ji, H. ",
   Title="{{T}{S}{C}{A}{N}: {P}seudo-time reconstruction and evaluation in single-cell {R}{N}{A}-seq analysis}",
   Journal="Nucleic Acids Res.",
   Year="2016",
   Volume="44",
   Number="13",
   Pages="e117",
   Month="07"
}

@Article{leek2012sva,
   Author="Leek, J. T.  and Johnson, W. E.  and Parker, H. S.  and Jaffe, A. E.  and Storey, J. D. ",
   Title="{{T}he sva package for removing batch effects and other unwanted variation in high-throughput experiments}",
   Journal="Bioinformatics",
   Year="2012",
   Volume="28",
   Number="6",
   Pages="882--883",
   Month="Mar"
}

@Article{lin2019scmerge,
   Author="Lin, Y.  and Ghazanfar, S.  and Wang, K. Y. X.  and Gagnon-Bartsch, J. A.  and Lo, K. K.  and Su, X.  and Han, Z. G.  and Ormerod, J. T.  and Speed, T. P.  and Yang, P.  and Yang, J. Y. H. ",
   Title="{sc{M}erge leverages factor analysis, stable expression, and pseudoreplication to merge multiple single-cell {R}{N}{A}-seq datasets}",
   Journal="Proc. Natl. Acad. Sci. U.S.A.",
   Year="2019",
   Volume="116",
   Number="20",
   Pages="9775--9784",
   Month="May"
}

@Article{butler2018integrating,
   Author="Butler, A.  and Hoffman, P.  and Smibert, P.  and Papalexi, E.  and Satija, R. ",
   Title="{{I}ntegrating single-cell transcriptomic data across different conditions, technologies, and species}",
   Journal="Nat. Biotechnol.",
   Year="2018",
   Volume="36",
   Number="5",
   Pages="411--420",
   Month="06"
}

@ARTICLE{mcInnes2018umap,
       author = {{McInnes}, Leland and {Healy}, John and {Melville}, James},
        title = "{UMAP: Uniform Manifold Approximation and Projection for Dimension Reduction}",
      journal = {arXiv e-prints},
     keywords = {Statistics - Machine Learning, Computer Science - Computational Geometry, Computer Science - Machine Learning},
         year = "2018",
        month = "Feb",
          eid = {arXiv:1802.03426},
        pages = {arXiv:1802.03426},
archivePrefix = {arXiv},
       eprint = {1802.03426},
 primaryClass = {stat.ML},
       adsurl = {https://ui.adsabs.harvard.edu/abs/2018arXiv180203426M},
      adsnote = {Provided by the SAO/NASA Astrophysics Data System}
}

@article{szubert2019ivis,
   author = {Szubert, B. and Cole, J. E. and Monaco, C. and Drozdov, I.},
   title = {Structure-preserving visualisation of high dimensional single-cell datasets},
   journal = {Sci Rep},
   volume = {9},
   number = {1},
   pages = {8914},
   ISSN = {2045-2322 (Electronic)
2045-2322 (Linking)},
   DOI = {10.1038/s41598-019-45301-0},
   url = {https://www.ncbi.nlm.nih.gov/pubmed/31222035},
   year = {2019},
   type = {Journal Article}
}

@Article{scialdone2016resolving,
   Author="Scialdone, A.  and Tanaka, Y.  and Jawaid, W.  and Moignard, V.  and Wilson, N. K.  and Macaulay, I. C.  and Marioni, J. C.  and Gottgens, B. ",
   Title="{{R}esolving early mesoderm diversification through single-cell expression profiling}",
   Journal="Nature",
   Year="2016",
   Volume="535",
   Number="7611",
   Pages="289--293",
   Month="07"
}

@article{pijuansala2019single,
    Author="Pijuan-Sala, B. and Griffiths, J. A. and Guibentif, C. and Hiscock, T. W. and Jawaid, W. and Calero-Nieto, F. J. and Mulas, C. and Ibarra-Soria, X. and Tyser, R. C. V. and Ho, D. L. L. and Reik, W. and Srinivas, S. and Simons, B. D. and Nichols, J. and Marioni, J. C. and G{\"o}ttgens, B.",
    Title="A single-cell molecular map of mouse gastrulation and early organogenesis",
    Journal="Nature",
    Year="2019",
    Volume="566",
    Number="7745",
    Pages="490--495",
    Month="02"
}

@Article{chen2016reads,
    Author="Chen, Y.  and Lun, A. T.  and Smyth, G. K. ",
    Title="{{F}rom reads to genes to pathways: differential expression analysis of {R}{N}{A}-{S}eq experiments using {R}subread and the edge{R} quasi-likelihood pipeline}",
    Journal="F1000Res",
    Year="2016",
    Volume="5",
    Pages="1438"
}

@Article{phipson2016robust,
    Author="Phipson, B. and Lee, S. and Majewski, I. J. and Alexander, W. S. and Smyth, G. K.",
    year = 2016,
    title = "Robust hyperparameter estimation protects against hypervariable genes and improves power to detect differential expression",
    Journal="Ann. Appl. Stat.",
    Volume=10,
    Number=2,
    Pages="946-963"
}

@Article{finak2014opencyto,
   Author="Finak, G.  and Frelinger, J.  and Jiang, W.  and Newell, E. W.  and Ramey, J.  and Davis, M. M.  and Kalams, S. A.  and De Rosa, S. C.  and Gottardo, R. ",
   Title="{{O}pen{C}yto: an open source infrastructure for scalable, robust, reproducible, and automated, end-to-end flow cytometry data analysis}",
   Journal="PLoS Comput. Biol.",
   Year="2014",
   Volume="10",
   Number="8",
   Pages="e1003806",
   Month="Aug"
}

@Article{lun2017testing,
   Author="Lun, A. T. L.  and Richard, A. C.  and Marioni, J. C. ",
   Title="{{T}esting for differential abundance in mass cytometry data}",
   Journal="Nat. Methods",
   Year="2017",
   Volume="14",
   Number="7",
   Pages="707--709",
   Month="Jul"
}

@article{mereu2019benchmarking,
	author = {Mereu, Elisabetta and Lafzi, Atefeh and Moutinho, Catia and Ziegenhain, Christoph and MacCarthy, Davis J. and Alvarez, Adrian and Batlle, Eduard and Sagar, and Gr{\"u}n, Dominic and Lau, Julia K. and Boutet, St{\'e}phane C. and Sanada, Chad and Ooi, Aik and Jones, Robert C. and Kaihara, Kelly and Brampton, Chris and Talaga, Yasha and Sasagawa, Yohei and Tanaka, Kaori and Hayashi, Tetsutaro and Nikaido, Itoshi and Fischer, Cornelius and Sauer, Sascha and Trefzer, Timo and Conrad, Christian and Adiconis, Xian and Nguyen, Lan T. and Regev, Aviv and Levin, Joshua Z. and Parekh, Swati and Janjic, Aleksandar and Wange, Lucas E. and Bagnoli, Johannes W. and Enard, Wolfgang and Gut, Marta and Sandberg, Rickard and Gut, Ivo and Stegle, Oliver and Heyn, Holger},
	title = {Benchmarking single-cell RNA sequencing protocols for Cell Atlas projects},
	elocation-id = {630087},
	year = {2019},
	doi = {10.1101/630087},
	journal = {bioRxiv}
}

@Article{ziegenhain2017comparative,
   Author="Ziegenhain, C.  and Vieth, B.  and Parekh, S.  and Reinius, B.  and Guillaumet-Adkins, A.  and Smets, M.  and Leonhardt, H.  and Heyn, H.  and Hellmann, I.  and Enard, W. ",
   Title="{{C}omparative {A}nalysis of {S}ingle-{C}ell {R}{N}{A} {S}equencing {M}ethods}",
   Journal="Mol. Cell",
   Year="2017",
   Volume="65",
   Number="4",
   Pages="631--643",
   Month="Feb"
}

@Article{langfelder2007eigengene,
   Author="Langfelder, P.  and Horvath, S. ",
   Title="{{E}igengene networks for studying the relationships between co-expression modules}",
   Journal="BMC Syst Biol",
   Year="2007",
   Volume="1",
   Pages="54",
   Month="Nov"
}

@Article{aran2019reference,
   Author="Aran, D.  and Looney, A. P.  and Liu, L.  and Wu, E.  and Fong, V.  and Hsu, A.  and Chak, S.  and Naikawadi, R. P.  and Wolters, P. J.  and Abate, A. R.  and Butte, A. J.  and Bhattacharya, M. ",
   Title="{{R}eference-based analysis of lung single-cell sequencing reveals a transitional profibrotic macrophage}",
   Journal="Nat. Immunol.",
   Year="2019",
   Volume="20",
   Number="2",
   Pages="163--172",
   Month="02"
}

@Article{martens2013blueprint,
   Author="Martens, J. H.  and Stunnenberg, H. G. ",
   Title="{{B}{L}{U}{E}{P}{R}{I}{N}{T}: mapping human blood cell epigenomes}",
   Journal="Haematologica",
   Year="2013",
   Volume="98",
   Number="10",
   Pages="1487--1489",
   Month="Oct"
}

@Article{encode2012integrated,
   Author="{The ENCODE Project Consortium}",
   Title="{{A}n integrated encyclopedia of {D}{N}{A} elements in the human genome}",
   Journal="Nature",
   Year="2012",
   Volume="489",
   Number="7414",
   Pages="57--74",
   Month="Sep"
}

@article{young2018soupx,
    author = {Young, M. D. and Behjati, S.},
    title = {Soup{X} removes ambient {R}{N}{A} contamination from droplet based single cell {R}{N}{A} sequencing data},
    year = {2018},
    journal = {bioRxiv}
}

@Article{messmer2019transcriptional,
   Author="Messmer, T.  and von Meyenn, F.  and Savino, A.  and Santos, F.  and Mohammed, H.  and Lun, A. T. L.  and Marioni, J. C.  and Reik, W. ",
   Title="{{T}ranscriptional heterogeneity in naive and primed human pluripotent stem cells at single-cell resolution}",
   Journal="Cell Rep",
   Year="2019",
   Volume="26",
   Number="4",
   Pages="815--824",
   Month="Jan"
}

@Article{godec2016compendium,
   Author="Godec, J.  and Tan, Y.  and Liberzon, A.  and Tamayo, P.  and Bhattacharya, S.  and Butte, A. J.  and Mesirov, J. P.  and Haining, W. N. ",
   Title="{{C}ompendium of {I}mmune {S}ignatures {I}dentifies {C}onserved and {S}pecies-{S}pecific {B}iology in {R}esponse to {I}nflammation}",
   Journal="Immunity",
   Year="2016",
   Volume="44",
   Number="1",
   Pages="194--206",
   Month="Jan"
}

@Article{tian2019benchmarking,
   Author="Tian, L.  and Dong, X.  and Freytag, S.  and Le Cao, K. A.  and Su, S.  and JalalAbadi, A.  and Amann-Zalcenstein, D.  and Weber, T. S.  and Seidi, A.  and Jabbari, J. S.  and Naik, S. H.  and Ritchie, M. E. ",
   Title="{{B}enchmarking single cell {R}{N}{A}-sequencing analysis pipelines using mixture control experiments}",
   Journal="Nat. Methods",
   Year="2019",
   Volume="16",
   Number="6",
   Pages="479--487",
   Month="06"
}

@Article{stoeckius2017simultaneous,
   Author="Stoeckius, M.  and Hafemeister, C.  and Stephenson, W.  and Houck-Loomis, B.  and Chattopadhyay, P. K.  and Swerdlow, H.  and Satija, R.  and Smibert, P. ",
   Title="{{S}imultaneous epitope and transcriptome measurement in single cells}",
   Journal="Nat. Methods",
   Year="2017",
   Volume="14",
   Number="9",
   Pages="865--868",
   Month="Sep"
}

@Article{lun2016csaw,
   Author="Lun, A. T.  and Smyth, G. K. ",
   Title="{csaw: a {B}ioconductor package for differential binding analysis of {C}h{I}{P}-seq data using sliding windows}",
   Journal="Nucleic Acids Res.",
   Year="2016",
   Volume="44",
   Number="5",
   Pages="e45",
   Month="Mar"
}

@Article{fehlings2018multiplex,
   Author="Fehlings, M.  and Chakarov, S.  and Simoni, Y.  and Sivasankar, B.  and Ginhoux, F.  and Newell, E. W. ",
   Title="{{M}ultiplex peptide-{M}{H}{C} tetramer staining using mass cytometry for deep analysis of the influenza-specific {T}-cell response in mice}",
   Journal="J. Immunol. Methods",
   Year="2018",
   Volume="453",
   Pages="30--36",
   Month="02"
}

@Article{pauken2015overcoming,
   Author="Pauken, K. E.  and Wherry, E. J. ",
   Title="{{O}vercoming {T} cell exhaustion in infection and cancer}",
   Journal="Trends Immunol.",
   Year="2015",
   Volume="36",
   Number="4",
   Pages="265--276",
   Month="Apr"
}

@Article{georgiou2014promise,
   Author="Georgiou, G.  and Ippolito, G. C.  and Beausang, J.  and Busse, C. E.  and Wardemann, H.  and Quake, S. R. ",
   Title="{{T}he promise and challenge of high-throughput sequencing of the antibody repertoire}",
   Journal="Nat. Biotechnol.",
   Year="2014",
   Volume="32",
   Number="2",
   Pages="158--168",
   Month="Feb"
}

@Article{rosati2017overview,
   Author="Rosati, E.  and Dowds, C. M.  and Liaskou, E.  and Henriksen, E. K. K.  and Karlsen, T. H.  and Franke, A. ",
   Title="{{O}verview of methodologies for {T}-cell receptor repertoire analysis}",
   Journal="BMC Biotechnol.",
   Year="2017",
   Volume="17",
   Number="1",
   Pages="61",
   Month="07"
}

@article{luxburg2010clustering,
  title={Clustering stability: an overview},
  author={Von Luxburg, U.},
  journal={Foundations and Trends in Machine Learning},
  volume={2},
  number={3},
  pages={235--274},
  year={2010}
}

@Article{shugay2018vdjdb,
   Author="Shugay, M.  and Bagaev, D. V.  and Zvyagin, I. V.  and Vroomans, R. M.  and Crawford, J. C.  and Dolton, G.  and Komech, E. A.  and Sycheva, A. L.  and Koneva, A. E.  and Egorov, E. S.  and Eliseev, A. V.  and Van Dyk, E.  and Dash, P.  and Attaf, M.  and Rius, C.  and Ladell, K.  and McLaren, J. E.  and Matthews, K. K.  and Clemens, E. B.  and Douek, D. C.  and Luciani, F.  and van Baarle, D.  and Kedzierska, K.  and Kesmir, C.  and Thomas, P. G.  and Price, D. A.  and Sewell, A. K.  and Chudakov, D. M. ",
   Title="{{V}{D}{J}db: a curated database of {T}-cell receptor sequences with known antigen specificity}",
   Journal="Nucleic Acids Res.",
   Year="2018",
   Volume="46",
   Number="D1",
   Pages="D419-D427",
   Month="01"
}

@Article{nestorowa2016singlecell,
   Author="Nestorowa, S.  and Hamey, F. K.  and Pijuan Sala, B.  and Diamanti, E.  and Shepherd, M.  and Laurenti, E.  and Wilson, N. K.  and Kent, D. G.  and Gottgens, B. ",
   Title="{{A} single-cell resolution map of mouse hematopoietic stem and progenitor cell differentiation}",
   Journal="Blood",
   Year="2016",
   Volume="128",
   Number="8",
   Pages="20--31",
   Month="08"
}

@Article{grun2016denovo,
    Author="Grun, D.  and Muraro, M. J.  and Boisset, J. C.  and Wiebrands, K.  and Lyubimova, A.  and Dharmadhikari, G.  and van den Born, M.  and van Es, J.  and Jansen, E.  and Clevers, H.  and de Koning, E. J. P.  and van Oudenaarden, A. ",
    Title="{{D}e {N}ovo {P}rediction of {S}tem {C}ell {I}dentity using {S}ingle-{C}ell {T}ranscriptome {D}ata}",
    Journal="Cell Stem Cell",
    Year="2016",
    Volume="19",
    Number="2",
    Pages="266--277",
    Month="08"
}

@Article{paul2015transcriptional,
   Author="Paul, F.  and Arkin, Y.  and Giladi, A.  and Jaitin, D. A.  and Kenigsberg, E.  and Keren-Shaul, H.  and Winter, D.  and Lara-Astiaso, D.  and Gury, M.  and Weiner, A.  and David, E.  and Cohen, N.  and Lauridsen, F. K.  and Haas, S.  and Schlitzer, A.  and Mildner, A.  and Ginhoux, F.  and Jung, S.  and Trumpp, A.  and Porse, B. T.  and Tanay, A.  and Amit, I. ",
   Title="{{T}ranscriptional {H}eterogeneity and {L}ineage {C}ommitment in {M}yeloid {P}rogenitors}",
   Journal="Cell",
   Year="2015",
   Volume="163",
   Number="7",
   Pages="1663--1677",
   Month="Dec"
}
