@Manual{R-base,
  title = {R: A Language and Environment for Statistical Computing},
  author = {{R Core Team}},
  organization = {R Foundation for Statistical Computing},
  address = {Vienna, Austria},
  year = {2019},
  url = {https://www.R-project.org/},
}
@Manual{R-Biobase,
  title = {Biobase: Base functions for Bioconductor},
  author = {R. Gentleman and V. Carey and M. Morgan and S. Falcon},
  year = {2019},
  note = {R package version 2.43.1},
}
@Manual{R-BiocGenerics,
  title = {BiocGenerics: S4 generic functions for Bioconductor},
  author = {The Bioconductor Dev Team},
  year = {2018},
  note = {R package version 0.29.1},
}
@Manual{R-BiocNeighbors,
  title = {BiocNeighbors: Nearest Neighbor Detection for Bioconductor Packages},
  author = {Aaron Lun},
  year = {2019},
  note = {R package version 1.1.11},
}
@Manual{R-BiocParallel,
  title = {BiocParallel: Bioconductor facilities for parallel evaluation},
  author = {Martin Morgan and Valerie Obenchain and Michel Lang and Ryan Thompson and Nitesh Turaga},
  year = {2019},
  note = {R package version 1.17.17},
  url = {https://github.com/Bioconductor/BiocParallel},
}
@Manual{R-bookdown,
  title = {bookdown: Authoring Books and Technical Documents with R Markdown},
  author = {Yihui Xie},
  year = {2018},
  note = {R package version 0.9},
  url = {https://CRAN.R-project.org/package=bookdown},
}
@Manual{R-DelayedArray,
  title = {DelayedArray: Delayed operations on array-like objects},
  author = {Hervé Pagès and with contributions from Peter Hickey and Aaron Lun},
  year = {2019},
  note = {R package version 0.9.8},
}
@Manual{R-devtools,
  title = {devtools: Tools to Make Developing R Packages Easier},
  author = {Hadley Wickham and Jim Hester and Winston Chang},
  year = {2018},
  note = {R package version 2.0.1},
  url = {https://CRAN.R-project.org/package=devtools},
}
@Manual{R-fs,
  title = {fs: Cross-Platform File System Operations Based on 'libuv'},
  author = {Jim Hester and Hadley Wickham},
  year = {2018},
  note = {R package version 1.2.6},
  url = {https://CRAN.R-project.org/package=fs},
}
@Manual{R-GenomeInfoDb,
  title = {GenomeInfoDb: Utilities for manipulating chromosome and other 'seqname'
identifiers},
  author = {Sonali Arora and Martin Morgan and Marc Carlson and H. Pagès},
  year = {2019},
  note = {R package version 1.19.2},
}
@Manual{R-GenomicRanges,
  title = {GenomicRanges: Representation and manipulation of genomic intervals and
variables defined along a genome},
  author = {P. Aboyoun and H. Pagès and M. Lawrence},
  year = {2018},
  note = {R package version 1.35.1},
}
@Manual{R-ggplot2,
  title = {ggplot2: Create Elegant Data Visualisations Using the Grammar of Graphics},
  author = {Hadley Wickham and Winston Chang and Lionel Henry and Thomas Lin Pedersen and Kohske Takahashi and Claus Wilke and Kara Woo},
  year = {2018},
  note = {R package version 3.1.0},
  url = {https://CRAN.R-project.org/package=ggplot2},
}
@Manual{R-HDF5Array,
  title = {HDF5Array: HDF5 backend for DelayedArray objects},
  author = {Hervé Pagès},
  year = {2018},
  note = {R package version 1.11.10},
}
@Manual{R-here,
  title = {here: A Simpler Way to Find Your Files},
  author = {Kirill Müller},
  year = {2017},
  note = {R package version 0.1},
  url = {https://CRAN.R-project.org/package=here},
}
@Manual{R-IRanges,
  title = {IRanges: Infrastructure for manipulating intervals on sequences},
  author = {H. Pagès and P. Aboyoun and M. Lawrence},
  year = {2019},
  note = {R package version 2.17.4},
}
@Manual{R-knitr,
  title = {knitr: A General-Purpose Package for Dynamic Report Generation in R},
  author = {Yihui Xie},
  year = {2018},
  note = {R package version 1.21},
  url = {https://CRAN.R-project.org/package=knitr},
}
@Manual{R-limma,
  title = {limma: Linear Models for Microarray Data},
  author = {Gordon Smyth and Yifang Hu and Matthew Ritchie and Jeremy Silver and James Wettenhall and Davis McCarthy and Di Wu and Wei Shi and Belinda Phipson and Aaron Lun and Natalie Thorne and Alicia Oshlack and Carolyn {de Graaf} and Yunshun Chen and Mette Langaas and Egil Ferkingstad and Marcus Davy and Francois Pepin and Dongseok Choi},
  year = {2019},
  note = {R package version 3.39.12},
  url = {http://bioinf.wehi.edu.au/limma},
}
@Manual{R-matrixStats,
  title = {matrixStats: Functions that Apply to Rows and Columns of Matrices (and to
Vectors)},
  author = {Henrik Bengtsson},
  year = {2018},
  note = {R package version 0.54.0},
  url = {https://CRAN.R-project.org/package=matrixStats},
}
@Manual{R-rhdf5,
  title = {rhdf5: HDF5 interface to R},
  author = {Bernd Fischer and Gregoire Pau and Mike Smith},
  year = {2019},
  note = {R package version 2.27.12},
  url = {https://github.com/grimbough/rhdf5},
}
@Manual{R-rmarkdown,
  title = {rmarkdown: Dynamic Documents for R},
  author = {JJ Allaire and Yihui Xie and Jonathan McPherson and Javier Luraschi and Kevin Ushey and Aron Atkins and Hadley Wickham and Joe Cheng and Winston Chang and Richard Iannone},
  year = {2018},
  note = {R package version 1.11},
  url = {https://CRAN.R-project.org/package=rmarkdown},
}
@Manual{R-S4Vectors,
  title = {S4Vectors: S4 implementation of vector-like and list-like objects},
  author = {H. Pagès and M. Lawrence and P. Aboyoun},
  year = {2019},
  note = {R package version 0.21.10},
}
@Manual{R-scater,
  title = {scater: Single-Cell Analysis Toolkit for Gene Expression Data in R},
  author = {Davis McCarthy and Kieran Campbell and Aaron Lun and Quin Wills},
  year = {2019},
  note = {R package version 1.11.10},
  url = {http://bioconductor.org/packages/scater/},
}
@Manual{R-scran,
  title = {scran: Methods for Single-Cell RNA-Seq Data Analysis},
  author = {Aaron Lun and Karsten Bach},
  year = {2019},
  note = {R package version 1.11.20},
}
@Manual{R-SingleCellExperiment,
  title = {SingleCellExperiment: S4 Classes for Single Cell Data},
  author = {Aaron Lun and Davide Risso},
  year = {2019},
  note = {R package version 1.5.2},
}
@Manual{R-SummarizedExperiment,
  title = {SummarizedExperiment: SummarizedExperiment container},
  author = {Martin Morgan and Valerie Obenchain and Jim Hester and Hervé Pagès},
  year = {2018},
  note = {R package version 1.13.0},
}
@Manual{R-TENxPBMCData,
  title = {TENxPBMCData: PBMC data from 10X Genomics},
  author = {Kasper D. Hansen and Davide Risso and Stephanie Hicks},
  year = {2018},
  note = {R package version 1.1.0},
}
@Manual{R-usethis,
  title = {usethis: Automate Package and Project Setup},
  author = {Hadley Wickham and Jennifer Bryan},
  year = {2018},
  note = {R package version 1.4.0},
  url = {https://CRAN.R-project.org/package=usethis},
}
